@InCollection{sep-turing-test,
  author = {Oppy, Graham and Dowe, David},
  title = {{The Turing Test}},
  booktitle = {The Stanford Encyclopedia of Philosophy},
  editor = {Edward N. Zalta},
  howpublished = {\url{http://plato.stanford.edu/archives/spr2011/entries/turing-test/}},
  year = {2011},
  edition = {Spring 2011},
}
